<?xml version="1.0" encoding="UTF-8"?><collection xmlns="http://www.loc.gov/MARC21/slim"><record><leader>00434nam--2200181-u-4500</leader><controlfield tag="001">000051632</controlfield><controlfield tag="002">20161230</controlfield><controlfield tag="005">20161230201049</controlfield><controlfield tag="008">080811s1000------------r-----000-0-eng-d</controlfield><datafield ind1=" " ind2=" " tag="040"><subfield code="a">IFIN-HH</subfield></datafield><datafield ind1=" " ind2=" " tag="080"><subfield code="a">517.5</subfield></datafield><datafield ind1="1" ind2=" " tag="100"><subfield code="a">Neiman,Dzhon Fon</subfield></datafield><datafield ind1="1" ind2="0" tag="245"><subfield code="a">Izbrannye Trudy po Funktsionalnomu Analizu</subfield></datafield><datafield ind1=" " ind2=" " tag="260"><subfield code="a">Moskva</subfield><subfield code="b">Nauka</subfield><subfield code="c">1987</subfield></datafield><datafield ind1=" " ind2=" " tag="300"><subfield code="a">375 p</subfield></datafield><datafield ind1=" " ind2=" " tag="490"><subfield code="v">Vol.1</subfield></datafield><datafield ind1=" " ind2=" " tag="852"><subfield code="a">74627</subfield><subfield code="c">517.5</subfield></datafield><datafield ind1=" " ind2=" " tag="CAT"><subfield code="a">Sys</subfield><subfield code="c">20080811</subfield><subfield code="h">121922</subfield></datafield></record></collection>